@inproceedings{AD9850_ds,
  title={AD9850 datasheet},
  author={Analog Devices},
  url={https://www.analog.com/media/en/technical-documentation/data-sheets/AD9850.pdf}
}

@inproceedings{AD9850_module_pinout,
  title={AD9850 module pinout},
  author={Robert Butera},
  url={http://robert.butera.org/?p=337}
}

@inproceedings{xdg_spec,
  title={XDG specification},
  author={Waldo Bastian, Ryan Lortie, Lennart Poettering},
  url={https://specifications.freedesktop.org/basedir-spec/basedir-spec-latest.html}
}

@inproceedings{libconfig,
  title={Libconfig},
  author={hyperrealm},
  url={http://hyperrealm.github.io/libconfig/}
}

@inproceedings{cxxopts,
  title={cxxopts},
  author={jarro2783},
  url={https://github.com/jarro2783/cxxopts}
}

@inproceedings{qt,
  title={Qt},
  author={The Qt Company},
  url={https://www.qt.io/}
}

@inproceedings{QWidget,
  title={QWidget},
  author={The Qt Company},
  url={https://doc.qt.io/qt-5/qwidget.html}
}

@inproceedings{QMenu,
  title={QMenu},
  author={The Qt Company},
  url={https://doc.qt.io/qt-5/qmenu.html}
}

@inproceedings{QSpinBox,
  title={QSpinBox},
  author={The Qt Company},
  url={https://doc.qt.io/qt-5/qspinbox.html}
}

@inproceedings{QPushButton,
  title={QPushButton},
  author={The Qt Company},
  url={https://doc.qt.io/qt-5/qpushbutton.html}
}

@inproceedings{QLabel,
  title={QLabel},
  author={The Qt Company},
  url={https://doc.qt.io/qt-5/qlabel.html}
}

@inproceedings{QLedIndicator,
  title={QLedIndicator},
  author={thenobody@poczta.fm},
  url={https://github.com/Risto97/ad9850_rpi/blob/master/src/gui/qledindicator.h}
}

@inproceedings{QComboBox,
  title={QComboBox},
  author={The Qt Company},
  url={https://doc.qt.io/qt-5/qcombobox.html}
}

@inproceedings{WiringPi,
  title={WiringPi},
  author={Gordon Henderson},
  url={https://doc.qt.io/qt-5/qcombobox.html}
}
